@article{burkhardt2003computer,
  title={Computer-based assessment: a platform for better tests},
  author={Burkhardt, Hugh and Pead, Daniel},
  journal={Whither Assessment},
  pages={133--148},
  year={2003},
  publisher={Qualifications and Curriculum Authority}
}

@article{dell2021investigating,
  title={Investigating the Performance of (Multiple-Factor) Multiple-Group Methods for the Detection of Differential Item Functioning},
  author={Dell-Ross, Theresa L},
  year={2021}
}

@mastersthesis{gao2019comparison,
  title={A Comparison of Six DIF Detection Methods},
  author={Gao, Xueying},
  year={2019}
}

@article{bryant2017developing,
  title={Developing a strategy for using technology-enhanced items in large-scale standardized tests},
  author={Bryant, William},
  journal={Practical Assessment, Research, and Evaluation},
  volume={22},
  number={1},
  pages={1},
  year={2017},
  doi={10.7275/70yb-dj34}
}

@Manual{Rstudio,
    title = {RStudio: Integrated Development Environment for R},
    author = {{RStudio Team}},
    organization = {RStudio, PBC},
    address = {Boston, MA},
    year = {2021},
    url = {http://www.rstudio.com/}
  }

@article{hagquist2019explaining,
  title={Explaining differential item functioning focusing on the crucial role of external information--an example from the measurement of adolescent mental health},
  author={Hagquist, Curt},
  journal={BMC Medical Research Methodology},
  volume={19},
  number={1},
  pages={1--9},
  year={2019},
  publisher={BioMed Central},
  doi = {10.1186/s12874-019-0828-3}
}

@article{ackerman1992didactic,
  title={A didactic explanation of item bias, item impact, and item validity from a multidimensional perspective},
  author={Ackerman, Terry A},
  journal={Journal of Educational Measurement},
  volume={29},
  number={1},
  pages={67--91},
  year={1992},
  publisher={Wiley Online Library},
  doi={10.1111/j.1745-3984.1992.tb00368.x}
}

@article{van2010irt,
  title={IRT parameter estimation with response times as collateral information},
  author={Van der Linde, Wim J and Klein Entink, Rinke H and Fox, Jean-Paul},
  journal={Applied Psychological Measurement},
  volume={34},
  number={5},
  pages={327--347},
  year={2010},
  publisher={Sage Publications Sage CA: Los Angeles, CA},
  doi={10.1177/0146621609349800}
}

@book{entink2009statistical,
  title={Statistical models for responses and response times},
  author={Entink, Rinke Hermen Klein},
  year={2009},
  publisher={Thesis}
}


@Manual{TIMSS, 
    title = {TIMSS 2019 User Guide for the International Database},
    author = {Fishbein, B. and Foy, P. and Yin, L.}, 
    organization = {TIMSS \& PIRLS International Study Center}, year = {2021}, 
    url = {https://timssandpirls.bc.edu/timss2019/international-database/}
}

@article{masyn2017measurement,
  title={Measurement invariance and differential item functioning in latent class analysis with stepwise multiple indicator multiple cause modeling},
  author={Masyn, Katherine E},
  journal={Structural Equation Modeling: A Multidisciplinary Journal},
  volume={24},
  number={2},
  pages={180--197},
  year={2017},
  publisher={Taylor \& Francis},
  doi={10.1080/10705511.2016.1254049}
}

@incollection{feskens2019differential,
  title={Differential item functioning in PISA due to mode effects},
  author={Feskens, Remco and Fox, Jean-Paul and Zwitser, Robert},
  booktitle={Theoretical and practical advances in computer-based educational measurement},
  pages={231--247},
  year={2019},
  publisher={Springer, Cham}
}

@article{hambleton1989detecting,
  title={Detecting potentially biased test items: Comparison of IRT area and Mantel-Haenszel methods},
  author={Hambleton, Ronald K and Rogers, H Jane},
  journal={Applied Measurement in Education},
  volume={2},
  number={4},
  pages={313--334},
  year={1989},
  publisher={Taylor \& Francis},
  doi={10.1207/s15324818ame0204_4}
}

@inproceedings{choi2014dif,
  title={DIF Analysis using a Mixture 3PL Model with a Covariate on the TIMSS 2007 Mathematics Test},
  author={Choi, Y and Alexeev, Natalia and Cohen, A},
  booktitle={KAERA Research Forum},
  volume={1},
  number={1},
  pages={4--14},
  year={2014}
}

@article{mellenbergh1989item,
  title={Item bias and item response theory},
  author={Mellenbergh, Gideon J},
  journal={International Journal of Educational Research},
  volume={13},
  number={2},
  pages={127--143},
  year={1989},
  publisher={Elsevier},
  doi={10.1016/0883-0355(89)90002-5}
}

@article{zumbo2007three,
  title={Three generations of DIF analyses: Considering where it has been, where it is now, and where it is going},
  author={Zumbo, Bruno D},
  journal={Language Assessment Quarterly},
  volume={4},
  number={2},
  pages={223--233},
  year={2007},
  publisher={Taylor \& Francis},
  doi={10.1080/15434300701375832}
}

@article{zumbo1999handbook,
  title={A handbook on the theory and methods of differential item functioning (DIF)},
  author={Zumbo, Bruno D},
  journal={Ottawa: National Defense Headquarters},
  volume={160},
  year={1999}
}

@article{bechger2015statistical,
  title={A statistical test for differential item pair functioning},
  author={Bechger, Timo M and Maris, Gunter},
  journal={Psychometrika},
  volume={80},
  number={2},
  pages={317--340},
  year={2015},
  publisher={Springer},
  doi={10.1007/s11336-014-9408-y}
}

@article{rosseel2012lavaan,
  title={Lavaan: An R package for structural equation modeling and more. Version 0.5--12 (BETA)},
  author={Rosseel, Yves},
  journal={Journal of Statistical Software},
  volume={48},
  number={2},
  pages={1--36},
  year={2012},
  doi={10.18637/jss.v048.i02}
}

@article{woods2009evaluation,
  title={Evaluation of MIMIC-model methods for DIF testing with comparison to two-group analysis},
  author={Woods, Carol M},
  journal={Multivariate Behavioral Research},
  volume={44},
  number={1},
  pages={1--27},
  year={2009},
  publisher={Taylor \& Francis},
  doi={10.1080/00273170802620121}
}

@article{finch2005mimic,
  title={The MIMIC model as a method for detecting DIF: Comparison with Mantel-Haenszel, SIBTEST, and the IRT likelihood ratio},
  author={Finch, Holmes},
  journal={Applied Psychological Measurement},
  volume={29},
  number={4},
  pages={278--295},
  year={2005},
  publisher={Sage Publications Sage CA: Thousand Oaks, CA},
  doi={10.1177/0146621605275728}
}

@article{borsboom2006does,
  title={When does measurement invariance matter?},
  author={Borsboom, Denny},
  journal={Medical Care},
  volume={44},
  number={11},
  pages={S176--S181},
  year={2006},
  publisher={JSTOR},
  doi={10.1097/01.mlr.0000245143.08679.cc}
}

@article{maris2012speed,
  title={Speed-accuracy response models: Scoring rules based on response time and accuracy},
  author={Maris, Gunter and Van der Maas, Han},
  journal={Psychometrika},
  volume={77},
  number={4},
  pages={615--633},
  year={2012},
  publisher={Springer},
  doi={10.1007/s11336-012-9288-y}
}

@article{bolsinova2018improving,
  title={Improving precision of ability estimation: Getting more from response times},
  author={Bolsinova, Maria and Tijmstra, Jesper},
  journal={British Journal of Mathematical and Statistical Psychology},
  volume={71},
  number={1},
  pages={13--38},
  year={2018},
  publisher={Wiley Online Library},
  doi={10.1111/bmsp.12104}
}

@article{russell2016framework,
  title={A framework for examining the utility of technology-enhanced items},
  author={Russell, Michael},
  journal={Journal of Applied Testing Technology},
  volume={17},
  number={1},
  pages={20--32},
  year={2016}
}

@article{dorans1992dif,
  title={DIF detection and description: Mantel-Haenszel and standardization 1, 2},
  author={Dorans, Neil J and Holland, Paul W},
  journal={ETS Research Report Series},
  volume={1992},
  number={1},
  pages={i--40},
  year={1992},
  publisher={Wiley Online Library},
  doi={10.1002/j.2333-8504.1992.tb01440.x}
}

@article{ozdemir2015comparison,
  title={A comparison of IRT-based methods for examining differential item functioning in TIMSS 2011 mathematics subtest},
  author={{\"O}zdemir, Burhanettin},
  journal={Procedia-Social and Behavioral Sciences},
  volume={174},
  pages={2075--2083},
  year={2015},
  publisher={Elsevier},
  doi={10.1016/j.sbspro.2015.02.004}
}

@article{walker2001examination,
  title={An examination of conditioning variables used in computer adaptive testing for DIF analyses},
  author={Walker, Cindy M and Beretvas, S Natasha and Ackerman, Terry},
  journal={Applied Measurement in Education},
  volume={14},
  number={1},
  pages={3--16},
  year={2001},
  publisher={Taylor \& Francis},
  doi={10.1207/S15324818AME1401_02}
}

@article{tay2013assessing,
  title={Assessing the item response theory with covariate (IRT-C) procedure for ascertaining differential item functioning},
  author={Tay, Louis and Vermunt, Jeroen K and Wang, Chun},
  journal={International Journal of Testing},
  volume={13},
  number={3},
  pages={201--222},
  year={2013},
  publisher={Taylor \& Francis},
  doi={10.1080/15305058.2012.692415}
}


@article{ercikan2002disentangling,
  title={Disentangling sources of differential item functioning in multilanguage assessments},
  author={Ercikan, Kadriye},
  journal={International Journal of Testing},
  volume={2},
  number={3-4},
  pages={199--215},
  year={2002},
  publisher={Taylor \& Francis},
  doi={10.1080/15305058.2002.9669493}
}

@phdthesis{moncaleano2021examining,
  title={Examining the Comparative Measurement Value of Technology-Enhanced Items},
  author={Moncaleano, Sebastian},
  year={2021},
  school={Boston College}
}

@article{de2011explanatory,
  title={Explanatory secondary dimension modeling of latent differential item functioning},
  author={De Boeck, Paul and Cho, Sun-Joo and Wilson, Mark},
  journal={Applied Psychological Measurement},
  volume={35},
  number={8},
  pages={583--603},
  year={2011},
  publisher={Sage Publications Sage CA: Los Angeles, CA},
  doi={10.1177/0146621611428446}
}

@article{chen2014exploring,
  title={Exploring the utility of background and cognitive variables in explaining latent differential item functioning: An example of the PISA 2009 reading assessment},
  author={Chen, Ying-Fang and Jiao, Hong},
  journal={Educational Assessment},
  volume={19},
  number={2},
  pages={77--96},
  year={2014},
  publisher={Taylor \& Francis},
  doi={10.1080/10627197.2014.903650}
}

@article{arslan2020effect,
  title={The Effect of Drag-and-Drop Item Features on Test-Taker Performance and Response Strategies},
  author={Arslan, Burcu and Jiang, Yang and Keehner, Madeleine and Gong, Tao and Katz, Irvin R and Yan, Fred},
  journal={Educational Measurement: Issues and Practice},
  volume={39},
  number={2},
  pages={96--106},
  year={2020},
  publisher={Wiley Online Library},
  doi={10.1111/emip.12326}
}

@article{hambleton2006good,
  title={Good practices for identifying differential item functioning},
  author={Hambleton, Ronald K},
  journal={Medical Care},
  volume={44},
  number={11},
  pages={S182--S188},
  year={2006},
  publisher={LWW},
  doi={10.1097/01.mlr.0000245443.86671.c4}
}

@article{walker2011s,
  title={What’s the DIF? Why differential item functioning analyses are an important part of instrument development and validation},
  author={Walker, Cindy M},
  journal={Journal of Psychoeducational Assessment},
  volume={29},
  number={4},
  pages={364--376},
  year={2011},
  publisher={Sage Publications Sage CA: Los Angeles, CA},
  doi={10.1177/0734282911406666}
}

@article{molenaar2015value,
  title={The value of response times in item response modeling},
  author={Molenaar, Dylan},
  journal={Measurement: Interdisciplinary Research and Perspectives},
  volume={13},
  number={3-4},
  pages={177--181},
  year={2015},
  publisher={Taylor \& Francis},
  doi={10.1080/15366367.2015.1105073}
}

@incollection{wools2019validity,
  title={The Validity of Technology Enhanced Assessments—Threats and Opportunities},
  author={Wools, Saskia and Molenaar, Mark and Hopster-den Otter, Dorien},
  booktitle={Theoretical and Practical Advances in Computer-based Educational Measurement},
  pages={3--19},
  year={2019},
  publisher={Springer, Cham}
}

@online{Journaleducmeasure, 
    author = {Sandip Sinharay},
    title = {Journal of Educational Measurement},
    year = 2021,
    url = {https://onlinelibrary-wiley-com.proxy.library.uu.nl/journal/17453984},
}

@book{Commissionguide,
    title = {Guidelines for Technology-Based Assessment},
    author = {{International Test Commission \& Association of Test Publishers}},
    year = {in press}
}

@article{bollen1992tests,
  title={Tests for structural equation models: introduction},
  author={Bollen, Kenneth A and Long, J Scott},
  journal={Sociological Methods \& Research},
  volume={21},
  number={2},
  pages={123--131},
  year={1992},
  publisher={SAGE PERIODICALS PRESS},
  doi={10.1177/0049124192021002001}
}

@article{joreskog1975estimation,
  title={Estimation of a model with multiple indicators and multiple causes of a single latent variable},
  author={J{\"o}reskog, Karl G and Goldberger, Arthur S},
  journal={Journal of the American Statistical Association},
  volume={70},
  number={351a},
  pages={631--639},
  year={1975},
  publisher={Taylor \& Francis},
  doi={10.1080/01621459.1975.10482485}
}

@article{molenaar2015generalized,
  title={A generalized linear factor model approach to the hierarchical framework for responses and response times},
  author={Molenaar, Dylan and Tuerlinckx, Francis and van der Maas, Han LJ},
  journal={British Journal of Mathematical and Statistical Psychology},
  volume={68},
  number={2},
  pages={197--219},
  year={2015},
  publisher={Wiley Online Library},
  doi={10.1111/bmsp.12042}
}

@article{van2007hierarchical,
  title={A hierarchical framework for modeling speed and accuracy on test items},
  author={van der Linden, Wim J},
  journal={Psychometrika},
  volume={72},
  number={3},
  pages={287--308},
  year={2007},
  publisher={Springer},
  doi={10.1007/s11336-006-1478-z}
}

@book{chun2014using,
  title={Using MIMIC methods to detect and identify sources of DIF among multiple groups},
  author={Chun, Seokjoon},
  year={2014},
  publisher={University of South Florida}
}

@article{guler2009comparison,
  title={A comparison of the logistic regression and contingency table methods for simultaneous detection of uniform and nonuniform DIF},
  author={G{\"u}ler, Ne{\c{s}}e and Penfield, Randall D},
  journal={Journal of Educational Measurement},
  volume={46},
  number={3},
  pages={314--329},
  year={2009},
  publisher={Wiley Online Library},
  doi={10.1111/j.1745-3984.2009.00083.x}
}

@article{hofstede1986cultural,
  title={Cultural differences in teaching and learning},
  author={Hofstede, Geert},
  journal={International Journal of Intercultural Relations},
  volume={10},
  number={3},
  pages={301--320},
  year={1986},
  publisher={Elsevier},
  doi={Cultural differences in teaching and learning}
}

@inproceedings{bulut2017detecting,
  title={Detecting multidimensional differential item functioning with the multiple indicators multiple causes model, the item response theory likelihood ratio test, and logistic regression},
  author={Bulut, Okan and Suh, Youngsuk},
  booktitle={Frontiers in Education},
  volume={2},
  pages={51},
  year={2017},
  organization={Frontiers},
  doi={10.3389/feduc.2017.00051}
}

@article{woods2011testing,
  title={Testing for nonuniform differential item functioning with multiple indicator multiple cause models},
  author={Woods, Carol M and Grimm, Kevin J},
  journal={Applied Psychological Measurement},
  volume={35},
  number={5},
  pages={339--361},
  year={2011},
  publisher={Sage Publications Sage CA: Los Angeles, CA},
  doi={10.1177/0146621611405984}
}

@misc{maris2018dexter,
  title={dexter: Data management and analysis of tests [Computer software manual]},
  author={Maris, G and Bechger, T and Koops, J and Partchev, I},
  year={2018}
}

@article{kalayciouglu2011differential,
  title={Differential item functioning analysis of the science and mathematics items in the university entrance examinations in Turkey},
  author={Kalaycio{\u{g}}lu, Dilara Bakan and Berbero{\u{g}}lu, Giray},
  journal={Journal of Psychoeducational Assessment},
  volume={29},
  number={5},
  pages={467--478},
  year={2011},
  publisher={Sage Publications Sage CA: Los Angeles, CA},
  doi={10.1177/0734282910391623}
}

@book{mullis2017timss,
  title={TIMSS 2019 Assessment Frameworks.},
  author={Mullis, Ina VS and Martin, Michael O},
  year={2017},
  publisher={ERIC}
}

@article{martin2020methods,
  title={Methods and Procedures: TIMSS 2019 Technical Report.},
  author={Martin, Michael O and von Davier, Matthias and Mullis, Ina VS},
  journal={International Association for the Evaluation of Educational Achievement},
  year={2020},
  publisher={ERIC}
}

@article{avcsar2021cross,
  title={A cross-cultural comparison of non-cognitive outputs towards science between Turkish and Dutch students taking into account detected person misfit},
  author={Av{\c{s}}ar, Asiye {\c{S}}eng{\"u}l and Emons, Wilco HM},
  journal={Studies in Educational Evaluation},
  volume={70},
  pages={101053},
  year={2021},
  publisher={Elsevier},
  doi={10.1016/j.stueduc.2021.101053}
}

@article{wirth2007item,
  title={Item factor analysis: current approaches and future directions.},
  author={Wirth, RJ and Edwards, Michael C},
  journal={Psychological Methods},
  volume={12},
  number={1},
  pages={58},
  year={2007},
  publisher={American Psychological Association},
  doi={10.1037/1082-989X.12.1.58}
}

@article{qiao2018data,
  title={Data mining techniques in analyzing process data: A didactic},
  author={Qiao, Xin and Jiao, Hong},
  journal={Frontiers in Psychology},
  pages={2231},
  year={2018},
  publisher={Frontiers},
  doi={10.3389/fpsyg.2018.02231}
}

@article{von2019developments,
  title={Developments in psychometric population models for technology-based large-scale assessments: An overview of challenges and opportunities},
  author={von Davier, Matthias and Khorramdel, Lale and He, Qiwei and Shin, Hyo Jeong and Chen, Haiwen},
  journal={Journal of Educational and Behavioral Statistics},
  volume={44},
  number={6},
  pages={671--705},
  year={2019},
  publisher={Sage Publications Sage CA: Los Angeles, CA},
  doi={10.3102/1076998619881789}
}

@article{molenaar2018response,
  title={Response mixture modeling: Accounting for heterogeneity in item characteristics across response times},
  author={Molenaar, Dylan and de Boeck, Paul},
  journal={Psychometrika},
  volume={83},
  number={2},
  pages={279--297},
  year={2018},
  publisher={Springer},
  doi={10.1007/s11336-017-9602-9}
}

@article{von2019timss,
  title={TIMSS 2019 Scaling Methodology: Item Response Theory, Population Models, and Linking Across Modes},
  author={von Davier, Matthias},
  journal={Methods and Procedures: TIMSS},
  pages={11--1},
  year={2019}
}

@inbook{birnbaum1968some,
  editor       = "Lord, F. M. \& Novick, M. R.",
  title        = "Some Latent Trait Models and Their Use in Inferring an Examinee’s Ability",
  booktitle    = "Statistical Theories of Mental Test Scores",
  author       = "Birnbaum, A",
  pages        = "397-424",
  year         = 1968,
  publisher    = "Addison-Wesley",
}

@incollection{mellenbergh1983conditional,
  title={Conditional item bias methods},
  author={Mellenbergh, Gideon J},
  booktitle={Human assessment and cultural factors},
  pages={293--302},
  year={1983},
  publisher={Springer}
}

@article{zhang2021accurate,
  title={Accurate assessment via process data},
  author={Zhang, Susu and Wang, Zhi and Qi, Jitong and Liu, Jingchen and Ying, Zhiliang},
  journal={arXiv preprint arXiv:2103.15034},
  year={2021},
  doi={10.48550/arXiv.2103.15034}
}

@article{tang2021exploratory,
  title={An exploratory analysis of the latent structure of process data via action sequence autoencoders},
  author={Tang, Xueying and Wang, Zhi and Liu, Jingchen and Ying, Zhiliang},
  journal={British Journal of Mathematical and Statistical Psychology},
  volume={74},
  number={1},
  pages={1--33},
  year={2021},
  publisher={Wiley Online Library},
  doi={10.1111/bmsp.12203}
}

@article{han2021sequential,
  title={A Sequential Response Model for Analyzing Process Data on Technology-Based Problem-Solving Tasks},
  author={Han, Yuting and Liu, Hongyun and Ji, Feng},
  journal={Multivariate Behavioral Research},
  pages={1--18},
  year={2021},
  publisher={Taylor \& Francis},
  doi={10.1080/00273171.2021.1932403}
}

@article{mantel1959statistical,
  title={Statistical aspects of the analysis of data from retrospective studies of disease},
  author={Mantel, Nathan and Haenszel, William},
  journal={Journal of the national cancer institute},
  volume={22},
  number={4},
  pages={719--748},
  year={1959},
  publisher={Oxford University Press},
  doi={10.1093/jnci/22.4.719}
}

@article{swaminathan1990detecting,
  title={Detecting differential item functioning using logistic regression procedures},
  author={Swaminathan, Hariharan and Rogers, H Jane},
  journal={Journal of Educational measurement},
  volume={27},
  number={4},
  pages={361--370},
  year={1990},
  publisher={Wiley Online Library},
  doi={10.1111/j.1745-3984.1990.tb00754.x}
}

@article{lord1977study,
  title={A study of item bias, using item characteristic curve theory},
  author={Lord, Frederic M},
  journal={Basic problems in cross-cultural psychology},
  pages={19--29},
  year={1977}
}

@book{lord1980study,
  title={Applications of item response theory to practical testing problems},
  author={Lord, F. M.},
  year={1980},
  publisher={Erlbaum}
}

@article{muthen2013bsem,
  title={BSEM measurement invariance analysis},
  author={Muth{\'e}n, Bengt and Asparouhov, Tihomir},
  journal={Mplus web notes},
  volume={17},
  pages={1--48},
  year={2013}
}

@article{van2013facing,
  title={Facing off with Scylla and Charybdis: a comparison of scalar, partial, and the novel possibility of approximate measurement invariance},
  author={Van De Schoot, Rens and Kluytmans, Anouck and Tummers, Lars and Lugtig, Peter and Hox, Joop and Muth{\'e}n, Bengt},
  journal={Frontiers in psychology},
  volume={4},
  pages={770},
  year={2013},
  publisher={Frontiers},
  doi={10.3389/fpsyg.2013.00770}
}

@article{finn2015measuring,
  title={Measuring motivation in low-stakes assessments},
  author={Finn, Bridgid},
  journal={ETS Research Report Series},
  volume={2015},
  number={2},
  pages={1--17},
  year={2015},
  publisher={Wiley Online Library},
  doi={10.1002/ets2.12067}
}

@article{wise2009correlates,
  title={Correlates of rapid-guessing behavior in low-stakes testing: Implications for test development and measurement practice},
  author={Wise, Steven L and Pastor, Dena A and Kong, Xiaojing J},
  journal={Applied Measurement in Education},
  volume={22},
  number={2},
  pages={185--205},
  year={2009},
  publisher={Taylor \& Francis},
  doi={10.1080/08957340902754650}
}

@article{landis1978average,
  title={Average partial association in three-way contingency tables: a review and discussion of alternative tests},
  author={Landis, J Richard and Heyman, Eugene R and Koch, Gary G},
  journal={International Statistical Review/Revue Internationale de Statistique},
  pages={237--254},
  year={1978},
  publisher={JSTOR},
  doi={10.2307/1402373}
}

@article{penfield2001assessing,
  title={Assessing differential item functioning among multiple groups: A comparison of three Mantel-Haenszel procedures},
  author={Penfield, Randall D},
  journal={Applied Measurement in Education},
  volume={14},
  number={3},
  pages={235--259},
  year={2001},
  publisher={Taylor \& Francis},
  doi={10.1207/S15324818AME1403_3}
}

@article{hambleton2006good,
  title={Good practices for identifying differential item functioning},
  author={Hambleton, Ronald K},
  journal={Medical care},
  volume={44},
  number={11},
  pages={S182--S188},
  year={2006},
  publisher={LWW},
  doi={10.1097/01.mlr.0000245443.86671.c4}
}

@article{sireci2013decisions,
  title={Decisions that make a difference in detecting differential item functioning},
  author={Sireci, Stephen G and Rios, Joseph A},
  journal={Educational Research and Evaluation},
  volume={19},
  number={2-3},
  pages={170--187},
  year={2013},
  publisher={Taylor \& Francis},
  doi={10.1080/13803611.2013.767621}
}

@Manual{Rsoftware,
    title = {R: A Language and Environment for Statistical Computing},
    author = {{R Core Team}},
    organization = {R Foundation for Statistical Computing},
    address = {Vienna, Austria},
    year = {2022},
    url = {https://www.R-project.org/},
}

