@article{burkhardt2003computer,
  title={Computer-based assessment: a platform for better tests},
  author={Burkhardt, Hugh and Pead, Daniel},
  journal={Whither assessment},
  pages={133--148},
  year={2003},
  publisher={Qualifications and Curriculum Authority}
}

@article{dell2021investigating,
  title={Investigating the Performance of (Multiple-Factor) Multiple-Group Methods for the Detection of Differential Item Functioning},
  author={Dell-Ross, Theresa L},
  year={2021}
}

@mastersthesis{gao2019comparison,
  title={A Comparison of Six DIF Detection Methods},
  author={Gao, Xueying},
  year={2019}
}

@article{bryant2017developing,
  title={Developing a strategy for using technology-enhanced items in large-scale standardized tests},
  author={Bryant, William},
  journal={Practical Assessment, Research, and Evaluation},
  volume={22},
  number={1},
  pages={1},
  year={2017}
}

@Manual{Rstudio, title = {RStudio: Integrated Development Environment for R}, author = {{RStudio Team}}, organization = {RStudio, PBC.}, address = {Boston, MA}, year = {2020}, url = {http://www.rstudio.com/}, }

@article{hagquist2019explaining,
  title={Explaining differential item functioning focusing on the crucial role of external information--an example from the measurement of adolescent mental health},
  author={Hagquist, Curt},
  journal={BMC medical research methodology},
  volume={19},
  number={1},
  pages={1--9},
  year={2019},
  publisher={BioMed Central}
}

@article{ackerman1992didactic,
  title={A didactic explanation of item bias, item impact, and item validity from a multidimensional perspective},
  author={Ackerman, Terry A},
  journal={Journal of educational measurement},
  volume={29},
  number={1},
  pages={67--91},
  year={1992},
  publisher={Wiley Online Library}
}

@article{van2010irt,
  title={IRT parameter estimation with response times as collateral information},
  author={Van der Linde, Wim J and Klein Entink, Rinke H and Fox, Jean-Paul},
  journal={Applied Psychological Measurement},
  volume={34},
  number={5},
  pages={327--347},
  year={2010},
  publisher={Sage Publications Sage CA: Los Angeles, CA}
}

@book{entink2009statistical,
  title={Statistical models for responses and response times},
  author={Entink, Rinke Hermen Klein},
  year={2009},
  publisher={Thesis}
}


@Manual{TIMSS, 
    title = {TIMSS 2019 User Guide for the International Database},
    author = {Fishbein, B. and Foy, P. and Yin, L.}, 
    organization = {TIMSS \& PIRLS International Study Center}, year = {2021}, 
    url = {https://timssandpirls.bc.edu/timss2019/international-database/}
}

@article{masyn2017measurement,
  title={Measurement invariance and differential item functioning in latent class analysis with stepwise multiple indicator multiple cause modeling},
  author={Masyn, Katherine E},
  journal={Structural Equation Modeling: A Multidisciplinary Journal},
  volume={24},
  number={2},
  pages={180--197},
  year={2017},
  publisher={Taylor \& Francis}
}

@incollection{feskens2019differential,
  title={Differential item functioning in PISA due to mode effects},
  author={Feskens, Remco and Fox, Jean-Paul and Zwitser, Robert},
  booktitle={Theoretical and practical advances in computer-based educational measurement},
  pages={231--247},
  year={2019},
  publisher={Springer, Cham}
}

@article{hambleton1989detecting,
  title={Detecting potentially biased test items: Comparison of IRT area and Mantel-Haenszel methods},
  author={Hambleton, Ronald K and Rogers, H Jane},
  journal={Applied Measurement in Education},
  volume={2},
  number={4},
  pages={313--334},
  year={1989},
  publisher={Taylor \& Francis}
}

@inproceedings{choi2014dif,
  title={DIF Analysis using a Mixture 3PL Model with a Covariate on the TIMSS 2007 Mathematics Test},
  author={Choi, Y and Alexeev, Natalia and Cohen, A},
  booktitle={KAERA Research Forum},
  volume={1},
  number={1},
  pages={4--14},
  year={2014}
}

@article{mellenbergh1989item,
  title={Item bias and item response theory},
  author={Mellenbergh, Gideon J},
  journal={International journal of educational research},
  volume={13},
  number={2},
  pages={127--143},
  year={1989},
  publisher={Elsevier}
}

@article{zumbo2007three,
  title={Three generations of DIF analyses: Considering where it has been, where it is now, and where it is going},
  author={Zumbo, Bruno D},
  journal={Language assessment quarterly},
  volume={4},
  number={2},
  pages={223--233},
  year={2007},
  publisher={Taylor \& Francis}
}

@article{zumbo1999handbook,
  title={A handbook on the theory and methods of differential item functioning (DIF)},
  author={Zumbo, Bruno D},
  journal={Ottawa: National Defense Headquarters},
  volume={160},
  year={1999}
}

@article{bechger2015statistical,
  title={A statistical test for differential item pair functioning},
  author={Bechger, Timo M and Maris, Gunter},
  journal={Psychometrika},
  volume={80},
  number={2},
  pages={317--340},
  year={2015},
  publisher={Springer}
}

@article{rosseel2012lavaan,
  title={Lavaan: An R package for structural equation modeling and more. Version 0.5--12 (BETA)},
  author={Rosseel, Yves},
  journal={Journal of statistical software},
  volume={48},
  number={2},
  pages={1--36},
  year={2012}
}

@article{woods2009evaluation,
  title={Evaluation of MIMIC-model methods for DIF testing with comparison to two-group analysis},
  author={Woods, Carol M},
  journal={Multivariate Behavioral Research},
  volume={44},
  number={1},
  pages={1--27},
  year={2009},
  publisher={Taylor \& Francis}
}

@article{finch2005mimic,
  title={The MIMIC model as a method for detecting DIF: Comparison with Mantel-Haenszel, SIBTEST, and the IRT likelihood ratio},
  author={Finch, Holmes},
  journal={Applied Psychological Measurement},
  volume={29},
  number={4},
  pages={278--295},
  year={2005},
  publisher={Sage Publications Sage CA: Thousand Oaks, CA}
}

@article{borsboom2006does,
  title={When does measurement invariance matter?},
  author={Borsboom, Denny},
  journal={Medical care},
  volume={44},
  number={11},
  pages={S176--S181},
  year={2006},
  publisher={JSTOR}
}

@article{maris2012speed,
  title={Speed-accuracy response models: Scoring rules based on response time and accuracy},
  author={Maris, Gunter and Van der Maas, Han},
  journal={Psychometrika},
  volume={77},
  number={4},
  pages={615--633},
  year={2012},
  publisher={Springer}
}

@article{bolsinova2018improving,
  title={Improving precision of ability estimation: Getting more from response times},
  author={Bolsinova, Maria and Tijmstra, Jesper},
  journal={British Journal of Mathematical and Statistical Psychology},
  volume={71},
  number={1},
  pages={13--38},
  year={2018},
  publisher={Wiley Online Library}
}

@article{russell2016framework,
  title={A framework for examining the utility of technology-enhanced items},
  author={Russell, Michael},
  journal={Journal of Applied Testing Technology},
  volume={17},
  number={1},
  pages={20--32},
  year={2016}
}

@article{dorans1992dif,
  title={DIF detection and description: Mantel-Haenszel and standardization 1, 2},
  author={Dorans, Neil J and Holland, Paul W},
  journal={ETS Research Report Series},
  volume={1992},
  number={1},
  pages={i--40},
  year={1992},
  publisher={Wiley Online Library}
}

@article{ozdemir2015comparison,
  title={A comparison of IRT-based methods for examining differential item functioning in TIMSS 2011 mathematics subtest},
  author={{\"O}zdemir, Burhanettin},
  journal={Procedia-Social and Behavioral Sciences},
  volume={174},
  pages={2075--2083},
  year={2015},
  publisher={Elsevier}
}

@article{walker2001examination,
  title={An examination of conditioning variables used in computer adaptive testing for DIF analyses},
  author={Walker, Cindy M and Beretvas, S Natasha and Ackerman, Terry},
  journal={Applied Measurement in Education},
  volume={14},
  number={1},
  pages={3--16},
  year={2001},
  publisher={Taylor \& Francis}
}

@article{tay2013assessing,
  title={Assessing the item response theory with covariate (IRT-C) procedure for ascertaining differential item functioning},
  author={Tay, Louis and Vermunt, Jeroen K and Wang, Chun},
  journal={International Journal of Testing},
  volume={13},
  number={3},
  pages={201--222},
  year={2013},
  publisher={Taylor \& Francis}
}


@article{ercikan2002disentangling,
  title={Disentangling sources of differential item functioning in multilanguage assessments},
  author={Ercikan, Kadriye},
  journal={International Journal of Testing},
  volume={2},
  number={3-4},
  pages={199--215},
  year={2002},
  publisher={Taylor \& Francis}
}

@phdthesis{moncaleano2021examining,
  title={Examining the Comparative Measurement Value of Technology-Enhanced Items},
  author={Moncaleano, Sebastian},
  year={2021},
  school={Boston College}
}

@article{de2011explanatory,
  title={Explanatory secondary dimension modeling of latent differential item functioning},
  author={De Boeck, Paul and Cho, Sun-Joo and Wilson, Mark},
  journal={Applied Psychological Measurement},
  volume={35},
  number={8},
  pages={583--603},
  year={2011},
  publisher={Sage Publications Sage CA: Los Angeles, CA}
}

@article{chen2014exploring,
  title={Exploring the utility of background and cognitive variables in explaining latent differential item functioning: An example of the PISA 2009 reading assessment},
  author={Chen, Ying-Fang and Jiao, Hong},
  journal={Educational Assessment},
  volume={19},
  number={2},
  pages={77--96},
  year={2014},
  publisher={Taylor \& Francis}
}

@article{arslan2020effect,
  title={The Effect of Drag-and-Drop Item Features on Test-Taker Performance and Response Strategies},
  author={Arslan, Burcu and Jiang, Yang and Keehner, Madeleine and Gong, Tao and Katz, Irvin R and Yan, Fred},
  journal={Educational Measurement: Issues and Practice},
  volume={39},
  number={2},
  pages={96--106},
  year={2020},
  publisher={Wiley Online Library}
}

@article{hambleton2006good,
  title={Good practices for identifying differential item functioning},
  author={Hambleton, Ronald K},
  journal={Medical care},
  volume={44},
  number={11},
  pages={S182--S188},
  year={2006},
  publisher={LWW}
}

@article{walker2011s,
  title={What’s the DIF? Why differential item functioning analyses are an important part of instrument development and validation},
  author={Walker, Cindy M},
  journal={Journal of Psychoeducational Assessment},
  volume={29},
  number={4},
  pages={364--376},
  year={2011},
  publisher={Sage Publications Sage CA: Los Angeles, CA}
}

@article{molenaar2015value,
  title={The value of response times in item response modeling},
  author={Molenaar, Dylan},
  journal={Measurement: Interdisciplinary Research and Perspectives},
  volume={13},
  number={3-4},
  pages={177--181},
  year={2015},
  publisher={Taylor \& Francis}
}

@incollection{wools2019validity,
  title={The Validity of Technology Enhanced Assessments—Threats and Opportunities},
  author={Wools, Saskia and Molenaar, Mark and Hopster-den Otter, Dorien},
  booktitle={Theoretical and Practical Advances in Computer-based Educational Measurement},
  pages={3--19},
  year={2019},
  publisher={Springer, Cham}
}

@online{Journaleducmeasure, 
    author = {Sandip Sinharay},
    title = {Journal of Educational Measurement},
    year = 2021,
    url = {https://onlinelibrary-wiley-com.proxy.library.uu.nl/journal/17453984},
}

@book{Commissionguide,
    title = {Guidelines for Technology-Based Assessment},
    author = {{International Test Commission \& Association of Test Publishers}},
    year = {in press}
}

@article{bollen1992tests,
  title={Tests for structural equation models: introduction},
  author={Bollen, Kenneth A and Long, J Scott},
  journal={Sociological Methods \& Research},
  volume={21},
  number={2},
  pages={123--131},
  year={1992},
  publisher={SAGE PERIODICALS PRESS}
}

@article{joreskog1975estimation,
  title={Estimation of a model with multiple indicators and multiple causes of a single latent variable},
  author={J{\"o}reskog, Karl G and Goldberger, Arthur S},
  journal={journal of the American Statistical Association},
  volume={70},
  number={351a},
  pages={631--639},
  year={1975},
  publisher={Taylor \& Francis}
}

@article{molenaar2015generalized,
  title={A generalized linear factor model approach to the hierarchical framework for responses and response times},
  author={Molenaar, Dylan and Tuerlinckx, Francis and van der Maas, Han LJ},
  journal={British Journal of Mathematical and Statistical Psychology},
  volume={68},
  number={2},
  pages={197--219},
  year={2015},
  publisher={Wiley Online Library}
}

@article{van2007hierarchical,
  title={A hierarchical framework for modeling speed and accuracy on test items},
  author={van der Linden, Wim J},
  journal={Psychometrika},
  volume={72},
  number={3},
  pages={287--308},
  year={2007},
  publisher={Springer}
}

@book{chun2014using,
  title={Using MIMIC methods to detect and identify sources of DIF among multiple groups},
  author={Chun, Seokjoon},
  year={2014},
  publisher={University of South Florida}
}

@article{guler2009comparison,
  title={A comparison of the logistic regression and contingency table methods for simultaneous detection of uniform and nonuniform DIF},
  author={G{\"u}ler, Ne{\c{s}}e and Penfield, Randall D},
  journal={Journal of Educational Measurement},
  volume={46},
  number={3},
  pages={314--329},
  year={2009},
  publisher={Wiley Online Library}
}

@article{hofstede1986cultural,
  title={Cultural differences in teaching and learning},
  author={Hofstede, Geert},
  journal={International Journal of intercultural relations},
  volume={10},
  number={3},
  pages={301--320},
  year={1986},
  publisher={Elsevier}
}

@inproceedings{bulut2017detecting,
  title={Detecting multidimensional differential item functioning with the multiple indicators multiple causes model, the item response theory likelihood ratio test, and logistic regression},
  author={Bulut, Okan and Suh, Youngsuk},
  booktitle={Frontiers in Education},
  volume={2},
  pages={51},
  year={2017},
  organization={Frontiers}
}

@article{woods2011testing,
  title={Testing for nonuniform differential item functioning with multiple indicator multiple cause models},
  author={Woods, Carol M and Grimm, Kevin J},
  journal={Applied psychological measurement},
  volume={35},
  number={5},
  pages={339--361},
  year={2011},
  publisher={Sage Publications Sage CA: Los Angeles, CA}
}

@misc{maris2018dexter,
  title={dexter: Data management and analysis of tests [Computer software manual]},
  author={Maris, G and Bechger, T and Koops, J and Partchev, I},
  year={2018}
}

@article{kalayciouglu2011differential,
  title={Differential item functioning analysis of the science and mathematics items in the university entrance examinations in Turkey},
  author={Kalaycio{\u{g}}lu, Dilara Bakan and Berbero{\u{g}}lu, Giray},
  journal={Journal of Psychoeducational Assessment},
  volume={29},
  number={5},
  pages={467--478},
  year={2011},
  publisher={Sage Publications Sage CA: Los Angeles, CA}
}

@book{mullis2017timss,
  title={TIMSS 2019 Assessment Frameworks.},
  author={Mullis, Ina VS and Martin, Michael O},
  year={2017},
  publisher={ERIC}
}

@article{martin2020methods,
  title={Methods and Procedures: TIMSS 2019 Technical Report.},
  author={Martin, Michael O and von Davier, Matthias and Mullis, Ina VS},
  journal={International Association for the Evaluation of Educational Achievement},
  year={2020},
  publisher={ERIC}
}

@article{avcsar2021cross,
  title={A cross-cultural comparison of non-cognitive outputs towards science between Turkish and Dutch students taking into account detected person misfit},
  author={Av{\c{s}}ar, Asiye {\c{S}}eng{\"u}l and Emons, Wilco HM},
  journal={Studies in Educational Evaluation},
  volume={70},
  pages={101053},
  year={2021},
  publisher={Elsevier}
}

@article{wirth2007item,
  title={Item factor analysis: current approaches and future directions.},
  author={Wirth, RJ and Edwards, Michael C},
  journal={Psychological methods},
  volume={12},
  number={1},
  pages={58},
  year={2007},
  publisher={American Psychological Association}
}
